<record><leader>00000cas a2200000 a 4500</leader><controlfield tag="001">16272228</controlfield><controlfield tag="008">870724d190u1910kyuwr ne      0    0eng d</controlfield><datafield ind1=" " ind2=" " tag="010"><subfield code="a">sn 87060291 </subfield></datafield><datafield ind1=" " ind2=" " tag="040"><subfield code="a">KNP</subfield><subfield code="b">eng</subfield><subfield code="c">KNP</subfield><subfield code="d">OCL</subfield><subfield code="d">OCLCQ</subfield></datafield><datafield ind1=" " ind2=" " tag="042"><subfield code="a">msc</subfield></datafield><datafield ind1="0" ind2="4" tag="245"><subfield code="a">The Oldham County era.</subfield></datafield><datafield ind1=" " ind2=" " tag="260"><subfield code="a">LaGrange, Ky. :</subfield><subfield code="b">[s.n.],</subfield><subfield code="c">-1910.</subfield></datafield><datafield ind1=" " ind2=" " tag="300"><subfield code="a">v. :</subfield><subfield code="b">ill.</subfield></datafield><datafield ind1=" " ind2=" " tag="310"><subfield code="a">Weekly</subfield></datafield><datafield ind1="0" ind2=" " tag="362"><subfield code="a">-v. 36, no. 42 (June 16, [1910]).</subfield></datafield><datafield ind1=" " ind2=" " tag="588"><subfield code="a">Description based on: Vol. 34, no. 13 (Nov. 12, 1908).</subfield></datafield><datafield ind1=" " ind2="4" tag="651"><subfield code="a">La Grange (Ky.)</subfield><subfield code="v">Newspapers.</subfield></datafield><datafield ind1=" " ind2="4" tag="651"><subfield code="a">Oldham County (Ky.)</subfield><subfield code="v">Newspapers.</subfield></datafield><datafield ind1=" " ind2=" " tag="752"><subfield code="a">United States</subfield><subfield code="b">Kentucky</subfield><subfield code="c">Oldham</subfield><subfield code="d">La Grange.</subfield></datafield><datafield ind1=" " ind2=" " tag="752"><subfield code="a">United States</subfield><subfield code="b">Kentucky</subfield><subfield code="c">Oldham</subfield><subfield code="d">LaGrange.</subfield></datafield><datafield ind1="0" ind2="0" tag="780"><subfield code="t">New era (La Grange, Ky.)</subfield><subfield code="w">(DLC)sn 87060290</subfield></datafield><datafield ind1="0" ind2="0" tag="785"><subfield code="t">Oldham era (LaGrange, Ky. : 1910)</subfield><subfield code="w">(DLC)sn 87060292</subfield></datafield></record>